@book{nolting2011grundkurs,
	title = {Grundkurs Theoretische Physik 3: Elektrodynamik},
	author = {Nolting, W.},
	isbn = {9783642134494},
	series = {Grundkurs Theoretische Physik},
	url = {https://books.google.de/books?id=HOIfBAAAQBAJ},
	year = {2011},
	publisher = {Springer}
}

@book{sakurai2014modern,
	title = {Modern Quantum Mechanics},
	author = {Sakurai, J. J. and Napolitano, J. J.},
	isbn = {9780321972071},
	url = {https://books.google.de/books?id=FqiSAgAAQBAJ},
	year = {2014},
	publisher = {Pearson Education}
}
