@book{demtröder1,
  title={Experimentalphysik 1: Mechanik und Wärme},
  author={Demtröder, W.},
  isbn={9783540299349},
  series={Experimentalphysik},
  year={2006},
  publisher={Springer-Verlag Berlin Heidelberg}
}

@book{nolting4,
  title={Grundkurs Theoretische Physik 4: Spezielle Relativitätstheorie, Thermodynamik},
  author={Nolting, W.},
  isbn={9783642244810},
  series={Grundkurs Theoretische Physik},
  year={2012},
  publisher={Springer}
}
