@manual{anleitung-ws2013,
    author = {{Donath, Markus} and {Schmidt, Anke}},
    title = {Anleitung zu den Experimentellen Übungen zur Mechanik und Elektrizitätslehre},
    publisher = {Physikalisches Institut},
    year = {2013},
    month = {10},
    edition = {Auflage Wintersemester 2013/2014},
    organization = {Westfälische Wilhelms-Universität Münster}
}

@manual{anleitung-ss2014,
    author       = {{Donath, Markus} and {Schmidt, Anke}},
    title        = {Anleitung zu den Experimentellen Übungen zur Optik, Wärmelehre und Atomphysik},
    publisher    = {Physikalisches Institut},
    year         = {2014},
    month        = {4},
    edition      = {Auflage Sommersemester 2014},
    organization = {Westfälische Wilhelms-Universität Münster}
}

@book{taschenbuch,
    author       = {Kuchling, Horst},
    title        = {Taschenbuch der Physik},
    year         = {2011},
    edition      = {20}
}


@misc{gnuplot,
	author = {{Williams, Thomas} and {Kelley, Colin} and others},
	title  = {gnuplot 4.6},
	date   = {2013-04-12},
	url    = {http://www.gnuplot.info}
}

@manual{sage,
	Key          = {Sage},
	Author       = {W.A. Stein and others},
	Organization = {The Sage Development Team},
	Title        = {{S}age {M}athematics {S}oftware ({V}ersion 6.2)},
	note         = {\url{http://www.sagemath.org}},
	date         = {2014-05-06}
}

@online{xcom,
    author = {{Berger, M.J.} and {Hubbell, J.H.} and {Seltzer, S.M.} and {Chang, J.} and {Coursey, J.S.} and {Sukumar, R.} and {Zucker, D.S.} and {Olsen, K.}},
    publisher = {National Institute of Standards and Technology},
    organization = {National Institute of Standards and Technology},
    title = {XCOM: Photon Cross Sections Database (version 1.5)},
    year = {2010},
	urldate = {2014-05-12},
	url = {http://physics.nist.gov/xcom}
}

